<record><leader>00000cas a22000007a 4500</leader><controlfield tag="001">15370762</controlfield><controlfield tag="008">870326u1970uuuutxucr ne      0    0eng d</controlfield><datafield ind1=" " ind2=" " tag="010"><subfield code="a">sn 87090052 </subfield></datafield><datafield ind1=" " ind2=" " tag="040"><subfield code="a">PPM</subfield><subfield code="b">eng</subfield><subfield code="c">PPM</subfield><subfield code="d">OCLCQ</subfield></datafield><datafield ind1=" " ind2=" " tag="042"><subfield code="a">msc</subfield></datafield><datafield ind1="0" ind2=" " tag="130"><subfield code="a">Pecos enterprise (Pecos, Tex. : 1970)</subfield></datafield><datafield ind1="1" ind2="0" tag="245"><subfield code="a">Pecos enterprise.</subfield></datafield><datafield ind1=" " ind2=" " tag="260"><subfield code="a">Pecos, Tex. :</subfield><subfield code="b">Pecos Enterprise, Inc.,</subfield><subfield code="c">1970-</subfield></datafield><datafield ind1=" " ind2=" " tag="310"><subfield code="a">Semiweekly</subfield></datafield><datafield ind1="0" ind2=" " tag="362"><subfield code="a">Vol. 82, no. 50 (Jan. 27, 1970)-</subfield></datafield><datafield ind1=" " ind2=" " tag="752"><subfield code="a">United States</subfield><subfield code="b">Texas</subfield><subfield code="c">Reeves</subfield><subfield code="d">Pecos.</subfield></datafield><datafield ind1="0" ind2=" " tag="775"><subfield code="t">Pecos free press and enterprise</subfield><subfield code="w">(DLC)sn 87090045</subfield></datafield><datafield ind1="0" ind2="0" tag="780"><subfield code="t">Pecos enterprise and independent-news</subfield><subfield code="w">(DLC)sn 87090051</subfield></datafield><datafield ind1="1" ind2=" " tag="029"><subfield code="a">AU@</subfield><subfield code="b">000025820303</subfield></datafield></record>